@TECHREPORT{Hamilton:2006,
author = "Chris Hamilton",
title = "Compact hilbert indices",
institution = "University of Halifax, Faculty of Computer Science",
year = "2006",
note = "CS-2006-07 available at \url{https://www.cs.dal.ca/research/techreports/cs-2006-07}"

}