@TECHREPORT{Hamilton:2006,
author = "Chris Hamilton",
title = "Compact hilbert indices",
institution = "University of Halifax, Faculty of Computer Science",
year = "2006",
note = "CS-2006-07 available at \url{https://www.cs.dal.ca/research/techreports/cs-2006-07}"
}

@TECHREPORT{Dahl:2008,
author = "Dahl, G. and Wootters, M.",
title = "Approximate K Nearest Neighbors in High Dimensions",
institution = "Swarthmore College",
year = "2008",
note = "CS97-2008 available at \url{http://web.cs.swarthmore.edu/~adanner/cs97/s08/papers/dahl_wootters.pdf}"
}

@article{Connor:2010,
author = "Connor, M. and Kumar, P.",
title = "Fast Construction of k-Nearest Neighor Graphs for Point Clouds",
journal = "IEEE Transactions on Visualization and Computer Graphics",
volume = "16",
number = "4",
pages = "599--608",
year = "2010" 
}

@book{Bader:2013,
    author = {Bader, Michael},
    publisher = {Springer-Verlag},
    series = {Texts in Computational Science and Engineering},
    title = {Space-Filling Curves - An Introduction with Applications in Scientific Computing},
    volume = {9},
    year = {2013},
    URL = {http://link.springer.com/book/10.1007/978-3-642-31046-1/}
}

@book{Bellman:2003,
  title={Dynamic Programming},
  author={Bellman, R.E.},
  isbn={9780486428093},
  lccn={2002072879},
  series={Dover Books on Computer Science Series},
  url={http://books.google.ca/books?id=fyVtp3EMxasC},
  year={2003},
  publisher={Dover Publications}
}

@INPROCEEDINGS{ARCENE:2004,
    author = {Isabelle Guyon and Asa Ben Hur and Steve Gunn and Gideon Dror},
    title = {Result analysis of the NIPS 2003 feature selection challenge},
    booktitle = {Advances in Neural Information Processing Systems 17},
    year = {2004},
    pages = {545--552},
    publisher = {MIT Press}
}

@misc{UCI:2013 ,
author = "K. Bache and M. Lichman",
year = "2013",
title = "{UCI} Machine Learning Repository",
url = "http://archive.ics.uci.edu/ml",
institution = "University of California, Irvine, School of Information and Computer Sciences" }


